@article{linpack-ppf,
	Author = "Jack Dongarra and Piotr Luszczek and Antoine Petitet",
	Title = "The LINPACK Benchmark: past, present and future",
	Year = "2003"
}
	
@article{hpcg-benchmark,
	Author = "Jack Dongarra and Michael Heroux and Piotr Luszczek",
	Title = "HPCG Benchmark: a New Metric for Ranking High Performance Computer Systems",
	Year = "2015"
}

@article{cg-without-pain,
	Author = "Jonathan Richard Shewchuk",
	Title = "An Introduction to the Conjugate Gradient Method Without the Agonizing Pain",
	Year = "1994"
}

@book{numerical-linear-algebra,
	Address = {Philadelphia},
	Author = {Lloyd Nicholas Trefethen and David Bau III},
	Publisher = {Society for Industrial and Applied Mathematics},
	Title = {Numerical Linear Algebra},
	Year = {1997}
}
